<record><leader>00000cas a22000007a 4500</leader><controlfield tag="001">11859738</controlfield><controlfield tag="008">850328d18291831ohuwr ne      0    0eng d</controlfield><datafield ind1=" " ind2=" " tag="010"><subfield code="a">sn 85038174 </subfield></datafield><datafield ind1=" " ind2=" " tag="040"><subfield code="a">NPY</subfield><subfield code="b">eng</subfield><subfield code="c">NPY</subfield><subfield code="d">NPX</subfield><subfield code="d">ONP</subfield><subfield code="d">OCLCQ</subfield></datafield><datafield ind1=" " ind2=" " tag="042"><subfield code="a">msc</subfield></datafield><datafield ind1="0" ind2=" " tag="130"><subfield code="a">Lancaster gazette (Lancaster, Ohio : 1829)</subfield></datafield><datafield ind1="1" ind2="0" tag="245"><subfield code="a">Lancaster gazette.</subfield></datafield><datafield ind1=" " ind2=" " tag="260"><subfield code="a">Lancaster [Ohio] :</subfield><subfield code="b">G. Sanderson,</subfield><subfield code="c">-1831.</subfield></datafield><datafield ind1=" " ind2=" " tag="300"><subfield code="a">v. ;</subfield><subfield code="c">53 cm.</subfield></datafield><datafield ind1=" " ind2=" " tag="310"><subfield code="a">Weekly</subfield></datafield><datafield ind1="1" ind2=" " tag="362"><subfield code="a">Began in 1829.</subfield><subfield code="z">Cf. Gutgesell, S. Guide to Ohio newspapers, 1974.</subfield></datafield><datafield ind1="0" ind2=" " tag="362"><subfield code="a">-new ser., v. 1, no. 3 (Apr. 19, 1831).</subfield></datafield><datafield ind1=" " ind2=" " tag="588"><subfield code="a">Description based on: New ser., v. 1, no. 39 (Dec. 22, 1829).</subfield></datafield><datafield ind1=" " ind2=" " tag="752"><subfield code="a">United States</subfield><subfield code="b">Ohio</subfield><subfield code="c">Fairfield</subfield><subfield code="d">Lancaster.</subfield></datafield><datafield ind1="0" ind2="0" tag="780"><subfield code="t">Lancaster Ohio gazette (Lancaster, Ohio : 1827)</subfield><subfield code="w">(DLC)sn 85026106</subfield></datafield><datafield ind1="0" ind2="0" tag="785"><subfield code="t">Lancaster Ohio gazette (Lancaster, Ohio : 1831)</subfield><subfield code="w">(DLC)sn 88078733</subfield></datafield></record>